%% This BibTeX bibliography file was created using BibDesk.
%% http://bibdesk.sourceforge.net/

%% Created for Anna Scholtz at 2018-02-04 19:37:56 -0800 


%% Saved with string encoding Unicode (UTF-8) 



@misc{greenkeeper,
	Date-Added = {2018-02-05 03:37:32 +0000},
	Date-Modified = {2018-02-05 03:37:56 +0000},
	Howpublished = {\url{https://greenkeeper.io/}},
	Title = {greenkeeper.io}}

@misc{CA5350,
	Date-Added = {2018-02-05 03:27:41 +0000},
	Date-Modified = {2018-02-05 03:31:26 +0000},
	Howpublished = {\url{https://msdn.microsoft.com/en-us/library/mt612872.aspx}},
	Keywords = {https://msdn.microsoft.com/en-us/library/mt612872.aspx},
	Title = {CA5350: Do Not Use Weak Cryptographic Algorithms}}

@misc{requires,
	Date-Added = {2018-02-05 03:23:53 +0000},
	Date-Modified = {2018-02-05 03:37:23 +0000},
	Howpublished = {\url{https://requires.io/}},
	Keywords = {https://requires.io/},
	Title = {requires.io},
	Urldate = {requires.io}}

@inproceedings{kleinjung2010factorization,
	Author = {Kleinjung, Thorsten and Aoki, Kazumaro and Franke, Jens and Lenstra, Arjen K and Thom{\'e}, Emmanuel and Bos, Joppe W and Gaudry, Pierrick and Kruppa, Alexander and Montgomery, Peter L and Osvik, Dag Arne and others},
	Booktitle = {Annual Cryptology Conference},
	Date-Added = {2018-02-05 03:22:58 +0000},
	Date-Modified = {2018-02-05 03:22:58 +0000},
	Organization = {Springer},
	Pages = {333--350},
	Title = {Factorization of a 768-bit RSA modulus},
	Year = {2010}}

@article{stevens2006fast,
	Author = {Stevens, Marc},
	Date-Added = {2018-02-05 03:22:14 +0000},
	Date-Modified = {2018-02-05 03:22:14 +0000},
	Journal = {IACR Cryptology ePrint Archive},
	Pages = {104},
	Title = {Fast Collision Attack on MD5.},
	Volume = {2006},
	Year = {2006}}

@article{kula2017developers,
	Author = {Kula, Raula Gaikovina and German, Daniel M and Ouni, Ali and Ishio, Takashi and Inoue, Katsuro},
	Date-Added = {2018-02-05 03:21:48 +0000},
	Date-Modified = {2018-02-05 03:21:48 +0000},
	Journal = {Empirical Software Engineering},
	Pages = {1--34},
	Publisher = {Springer},
	Title = {Do developers update their library dependencies?},
	Year = {2017}}
